<record><leader>00000cas a22000007a 4500</leader><controlfield tag="001">11663187</controlfield><controlfield tag="008">850206d18401900ohuwr ne      0   a0eng d</controlfield><datafield ind1=" " ind2=" " tag="010"><subfield code="a">sn 84028889 </subfield></datafield><datafield ind1=" " ind2=" " tag="040"><subfield code="a">NPY</subfield><subfield code="b">eng</subfield><subfield code="c">NPY</subfield><subfield code="d">NPX</subfield><subfield code="d">NPU</subfield><subfield code="d">ONP</subfield><subfield code="d">OCL</subfield><subfield code="d">OCLCQ</subfield><subfield code="d">DLC</subfield></datafield><datafield ind1="0" ind2=" " tag="022"><subfield code="a">2372-8612</subfield><subfield code="2">1</subfield></datafield><datafield ind1=" " ind2=" " tag="042"><subfield code="a">msc</subfield><subfield code="a">nsdp</subfield></datafield><datafield ind1=" " ind2=" " tag="043"><subfield code="a">n-us-oh</subfield></datafield><datafield ind1="0" ind2="0" tag="050"><subfield code="a">Newspaper</subfield></datafield><datafield ind1="0" ind2="0" tag="082"><subfield code="a">071</subfield><subfield code="2">23</subfield></datafield><datafield ind1="0" ind2=" " tag="130"><subfield code="a">Ohio Democrat (Dover, Ohio)</subfield></datafield><datafield ind1=" " ind2="4" tag="222"><subfield code="a">The Ohio Democrat</subfield><subfield code="b">(Dover, Ohio. Print)</subfield></datafield><datafield ind1="1" ind2="4" tag="245"><subfield code="a">The Ohio Democrat.</subfield></datafield><datafield ind1=" " ind2=" " tag="260"><subfield code="a">Canal Dover, Ohio :</subfield><subfield code="b">C.H. Mitchener,</subfield><subfield code="c">1840-</subfield></datafield><datafield ind1=" " ind2=" " tag="300"><subfield code="a">v.</subfield></datafield><datafield ind1=" " ind2=" " tag="310"><subfield code="a">Weekly</subfield></datafield><datafield ind1="0" ind2=" " tag="362"><subfield code="a">Vol. 2, no. 66 (Dec. 11, 1840)-</subfield></datafield><datafield ind1="1" ind2=" " tag="362"><subfield code="a">Ceased in Mar. 1900?</subfield></datafield><datafield ind1=" " ind2=" " tag="500"><subfield code="a">Suspended Feb. 5-June 17, 1841.</subfield></datafield><datafield ind1=" " ind2=" " tag="500"><subfield code="a">Published at: Canal Dover, Ohio, Dec. 11, 1840-Jan. 29, 1841, and: New Philadelphia, Ohio, June 17, 1841-Mar. 1900.</subfield></datafield><datafield ind1=" " ind2=" " tag="500"><subfield code="a">"Official paper of Tuscarawas County," &lt;1873&gt;.</subfield></datafield><datafield ind1=" " ind2=" " tag="530"><subfield code="a">Archived issues are available in digital format from the Library of Congress Chronicling America online collection.</subfield></datafield><datafield ind1=" " ind2="0" tag="651"><subfield code="a">Dover (Ohio)</subfield><subfield code="v">Newspapers.</subfield></datafield><datafield ind1=" " ind2="0" tag="651"><subfield code="a">Canal Dover (Ohio)</subfield><subfield code="v">Newspapers.</subfield></datafield><datafield ind1=" " ind2="0" tag="651"><subfield code="a">New Philadelphia (Ohio)</subfield><subfield code="v">Newspapers.</subfield></datafield><datafield ind1=" " ind2="0" tag="651"><subfield code="a">Tuscarawas County (Ohio)</subfield><subfield code="v">Newspapers.</subfield></datafield><datafield ind1=" " ind2=" " tag="752"><subfield code="a">United States</subfield><subfield code="b">Ohio</subfield><subfield code="c">Tuscarawas</subfield><subfield code="d">New Philadelphia.</subfield></datafield><datafield ind1="0" ind2="8" tag="776"><subfield code="i">Online version:</subfield><subfield code="t">Ohio Democrat  (Dover, Ohio : Online)</subfield><subfield code="x">2372-8620</subfield><subfield code="w">(DLC)  2014218298</subfield></datafield><datafield ind1="0" ind2="0" tag="780"><subfield code="t">Ohio Democrat and Dover advertiser</subfield><subfield code="w">(DLC)sn 84028888</subfield></datafield><datafield ind1="0" ind2="7" tag="785"><subfield code="t">New Philadelphia times</subfield><subfield code="w">(DLC)sn 91069003</subfield></datafield><datafield ind1="0" ind2="7" tag="785"><subfield code="t">Ohio Democrat and times</subfield><subfield code="w">(DLC)sn 88078238</subfield></datafield><datafield ind1="4" ind2="1" tag="856"><subfield code="u">http://www.loc.gov/chroniclingamerica/lccn/sn84028889/issues</subfield></datafield><datafield ind1="1" ind2=" " tag="029"><subfield code="a">AU@</subfield><subfield code="b">000020121562</subfield></datafield></record>